2224 3678
131 227 186 284 142
361 217 780 293 asscensus-accusans.

501 392 554 438 sae
568 391 639 437 410.

420 537 584 602 Latiuinto
596 534 732 609 English.

149 637 331 724 Ariovistus
345 664 380 720 ad
394 664 538 722 Caeshrem
550 663 660 738 legatos
673 659 768 718 mittit

145 743 260 816 ι,Ριιιοί
273 743 390 799 veniunt
404 741 439 798 ad
452 745 636 798 senectutem.

170 821 378 896 Neoptolemus
393 820 465 893 apud
479 819 672 893 Lycomedem
685 827 747 874 erat
759 815 907 874 educatus.

170 900 286 956 Atticus
300 899 425 986 sepultus
438 908 480 953 est
491 898 571 972 juxta
583 896 658 952 viam
671 895 803 970 Appiam.

171 977 259 1034 Rosae
274 976 402 1052 fulgent
396 985 468 1032 inter
481 975 549 1032 lilia.

161 1051 247 1111 'Est'
239 1073 339 1130 ingens
352 1054 478 1129 gelidum
491 1053 573 1109 lucus
586 1070 674 1127 prope
690 1069 809 1108 amnem.

172 1134 224 1190 Vir
238 1135 330 1190 bonus
340 1133 471 1188 virtutem
484 1149 533 1205 per
548 1149 578 1187 se
593 1141 675 1188 amat.

173 1211 270 1268 Caesar
283 1209 458 1267 Divitiacum
473 1209 508 1267 ad
522 1227 552 1266 se
565 1209 662 1265 vocari
673 1208 761 1283 jubet.

173 1289 267 1365 Prope
280 1288 421 1346 Calendas
435 1288 557 1344 Sextiles
569 1297 638 1361 puto
651 1285 711 1344 me*
726 1285 878 1343 Laodiceae
890 1283 975 1343 fore*

174 1368 356 1426 Democritus
377 1384 491 1423 causam
517 1365 648 1439 explicat,
669 1383 720 1422 cur
742 1374 805 1420 aute
831 1363 926 1422 lucem
954 1364 1024 1442 galli

136 1444 260 1503 canant.⁶

174 1523 407 1600 Vergasillaunus
421 1532 485 1597 post
498 1532 623 1578 montem
637 1540 667 1579 se
681 1521 843 1578 occultavit

175 1601 255 1658 Pone
269 1611 379 1658 montes
393 1601 541 1676 Riphaeos
549 1618 619 1676 gens
638 1599 715 1676 degit
728 1599 804 1670 felix,
826 1617 897 1674 quos
911 1599 1026 1730 Hyper·

137 1681 240 1737 boreos
255 1679 438 1754 appellavere
441 1682 454 1714 ⁰¹

175 1757 313 1814 Amicitia
325 1767 368 1815 est
380 1775 430 1832 per
444 1775 475 1814 se
488 1767 516 1814 et
528 1766 680 1832 propter
656 1775 686 1813 se
700 1754 875 1834 expetenda

424 1944 551 2019 English
565 1944 624 2000 into
637 1929 737 2000 Latin.

137 2075 225 2132 Thou
239 2075 311 2131 shalt
324 2093 376 2149 sup
390 2073 456 2130 with
470 2091 524 2129 me.
599 2071 648 2129 Tu
663 2070 736 2146 apud
750 2090 803 2148 ego
817 2091 907 2130 coeno.

137 2153 203 2211 The
229 2153 393 2210 Helvetians
413 2152 482 2208 send
504 2169 559 2207 am·
601 2149 725 2208 Helvetii
743 2151 853 2227 legatus
868 2153 902 2208 ad
923 2152 947 2208 is
961 2153 1026 2209 mit·

176 2232 323 2288 bassadors
336 2240 366 2287 to
379 2229 446 2287 hiin.
639 2239 677 2286 to.

138 2310 276 2367 Lentulus
287 2310 342 2366 had
356 2309 484 2366 watched
495 2326 561 2368 con
600 2306 739 2364 Lentulus
767 2317 870 2382 praeter
904 2327 1025 2366 consue·

176 2399 251 2463 trary
264 2398 294 2448 to
309 2386 380 2466 (his)
396 2397 514 2443 custom
638 2385 707 2442 tudo
721 2385 815 2462 vigllo.

138 2467 204 2525 The
228 2466 308 2524 earth
333 2475 413 2521 turns
439 2465 561 2522 itselsa-
600 2462 726 2520 Terra
702 2482 811 2520 circum
825 2464 1026 2522 exissuisum·

176 2545 313 2602 roundt
278 2543 313 2619 (it
315 2545 340 2622 s)
352 2543 411 2600 axis
420 2542 487 2599 nith
495 2560 600 2630 very
638 2559 700 2598 mus
714 2541 843 2599 celeritas
857 2557 1003 2600 converto.

177 2634 256 2698 great
269 2623 397 2711 velocity

139 2699 227 2774 Many
249 2721 265 2758 a
290 2701 388 2758 victim
414 2697 484 2754 shall
512 2697 559 2755 sall
600 2694 709 2752 Multus
731 2703 776 2752 tus
797 2708 861 2756 ante
882 2716 930 2754 ιιι
950 2700 1027 2758 cadu

178 2779 274 2834 before
288 2779 336 2852 thy
352 2777 428 2834 altar
638 2774 737 2830 hostia.

138 2854 235 2912 Ifhe
229 2874 253 2910 is
267 2798 353 2937 abolit
373 2855 421 2911 the
440 2853 559 2924 market,
600 2851 631 2908 si
653 2853 726 2940 apud
750 2853 841 2909 forum
861 2870 933 2923 sum,
955 2872 1027 2912 con

177 2931 192 2987 Ι
207 2933 276 2989 shall
290 2927 364 2989 nicet
379 2930 474 3009 (him).
638 2929 729 2986 venio,

139 3009 206 3065 The
216 3008 348 3064 Tuscans
359 3019 420 3065 sent
434 3009 560 3065 colonies
599 3007 715 3064 Tuscus
740 3017 817 3063 trans
849 3008 1023 3082 Apenninus

179 3085 290 3159 beyond
304 3086 352 3142 the
366 3087 539 3159 Apennines.
639 3084 752 3140 colonia
764 3085 854 3142 mitto.
892 3105 896 3110 ’

177 3252 245 3292 ιι419.
294 3249 373 3308 sttui.
421 3251 486 3293 0474.
536 3251 638 3308 tlSupply
646 3251 740 3301 mim,
796 3250 860 3300 9489,
920 3251 989 3308 (³14.
