2224 3678
7 705 12 752 t

293 259 464 300 rxunorsus.
475 273 515 287 -
525 260 717 316 accusamus,
731 243 791 301 duc.
928 240 984 299 143
998 264 1001 274 ¹

426 409 480 456 sce
495 408 656 457 411--413,

385 555 477 614 Latin
490 557 549 613 into
563 555 697 630 English.

103 682 117 722 f
137 681 249 738 Codrus
263 700 293 738 se
307 682 337 738 in
350 684 472 740 medios⁶
487 683 604 741 immisit
617 683 720 739 hostes.

111 823 115 833 .
136 758 231 816 Proba
244 760 301 816 vita
313 761 358 817 via
371 773 414 818 est
427 762 457 818 in
471 763 583 819 coelum.

135 839 229 894 Stoici
257 838 413 896 divisorunt
442 845 571 908 naturam
598 838 720 896 hominis
747 837 777 894 in
806 840 930 896 animum
957 847 998 895 et*

98 935 210 991 corpus.

137 995 174 1052 T.
190 994 315 1050 Manlius
330 995 382 1052 fuit
394 995 601 1071 perindulgens.
611 995 640 1052 in
652 1003 769 1070 patrem.

138 1073 246 1129 Milites
260 1073 383 1132 Caeshris
397 1075 450 1129 sub
463 1084 589 1130 montem
603 1073 771 1131 succedunt.

138 1150 285 1207 Miltiades
312 1152 428 1221 insulas
455 1171 518 1225 quae
547 1151 689 1225 Cyclades
715 1151 905 1222 nominantur,
934 1151 985 1208 sub

98 1229 320 1287 Atheniensium
334 1229 445 1304 redegit
457 1236 635 1304 potestatem.

138 1307 257 1377 Consul,
273 1326 347 1382 equo
368 1307 468 1364 citato⁶
489 1309 585 1364 subter
609 1327 720 1365 murum
741 1308 865 1364 hostium
886 1307 919 1363 ad
940 1325 987 1364 co·

99 1387 197 1442 hortes
208 1386 361 1442 advehitur.

137 1463 220 1520 Plato
235 1464 420 1538 cupiditssatem
434 1465 529 1520 subter
542 1464 728 1538 praecordiam
741 1464 854 1522 locr'rvit.

137 1543 230 1600 Dolor
245 1543 275 1598 in
289 1542 418 1598 maximis
430 1543 513 1598 rnalis
527 1542 647 1599 ducitur.

140 1621 218 1677 Aves
232 1621 360 1695 quredaru
375 1637 405 1676 se
419 1620 448 1675 in
463 1620 534 1675 mari
547 1630 685 1696 mergunt.

139 1699 304 1756 Decemviri
315 1698 395 1773 leges
409 1697 438 1754 in
453 1698 723 1756 duodecimtabulis
737 1699 920 1773 scripserunt.

136 1780 224 1852 Saepe
238 1787 280 1834 est
294 1775 379 1832 etiarn
393 1777 446 1831 sub
459 1775 574 1850 pallidlo
588 1777 702 1834 sordido
716 1777 862 1854 sapientia,

386 1967 514 2042 English
527 1967 586 2023 into
599 1965 700 2026 Latin.

98 2083 209 2148 Darius
222 2091 293 2148 built
314 2111 330 2148 a
347 2091 447 2166 bridge
460 2109 527 2147 over
568 2090 672 2148 Darius
691 2110 763 2166 pons
780 2091 855 2148 facio
869 2089 899 2147 in
919 2089 991 2147 Ister

138 2170 190 2226 the
204 2170 276 2226 river
289 2169 370 2225 Ister.
606 2155 735 2226 humens
783 2175 785 2179 ’

7 2287 9 2296 ,
100 2241 209 2305 Verres
229 2248 299 2304 used
325 2257 355 2303 to
382 2247 453 2302 have
474 2265 529 2304 one
567 2248 672 2305 Verres
684 2251 790 2304 corona
800 2248 906 2304 habeod
917 2266 992 2303 unus

142 2326 260 2402 garland
286 2344 360 2400 upon
380 2325 425 2380 his
445 2324 527 2395 head,
607 2326 637 2381 in
648 2335 742 2400 caput,
755 2327 823 2382 alter
835 2326 865 2380 in
876 2325 990 2381 collum.

145 2403 262 2460 another
276 2421 353 2477 upon
367 2403 411 2458 his
424 2403 507 2459 neck.

100 2483 202 2540 Caesar
223 2480 380 2554 compelled
396 2480 444 2536 the
465 2499 529 2536 ene-
568 2481 664 2538 Caesar
700 2481 790 2538 hostis
817 2482 869 2537 sub
896 2499 994 2538 murus

144 2579 191 2634 my
211 2568 241 2616 to
262 2558 319 2614 halt
340 2559 462 2614 beueath
481 2559 530 2615 the
609 2561 734 2616 consisto
748 2577 830 2638 cogo.

145 2638 216 2694 wall.
805 2686 806 2696 ,

102 2717 132 2773 Α
144 2716 345 2792 ἀταψηιεψοτᾱ
360 2716 450 2792 hangs
464 2734 530 2773 over
571 2716 731 2788 Destrictus
750 2717 825 2773 ensis
847 2735 929 2791 super
944 2716 994 2772 inr-

145 2794 216 2872 (his)
229 2794 352 2869 impious
365 2795 449 2851 neck.
607 2797 671 2870 pius
698 2793 803 2852 cervix‘
815 2796 934 2869 pendeo.

76 2951 79 2961 .
102 2873 203 2930 Youth
224 2874 311 2948 easily
326 2872 372 2928 sall
392 2873 455 2929 into
475 2873 530 2930 dis·
569 2873 670 2931 Facile
697 2874 726 2931 in
755 2875 870 2930 morbus
897 2875 995 2931 incido
1059 2875 1065 2897 ¹

143 2969 230 3012 cases.
610 2953 782 3010 adolescens.

103 3022 202 3088 Caesar
220 3029 364 3086 withdrew
378 3028 423 3085 his
438 3029 530 3087 forces
569 3031 662 3105 Copia
683 3051 750 3088 suus
764 3032 859 3088 Caesar
880 3032 910 3088 in
930 3049 996 3105 pro-

144 3116 175 3161 to
188 3107 235 3162 the
248 3117 360 3164 nearest
374 3107 432 3164 hill.
607 3110 670 3183 pior
684 3110 765 3167 collis
776 3111 914 3168 subduco.

178 3287 191 3315 a
203 3274 247 3316 ³59.
344 3277 355 3320 d
367 3277 411 3319 447.
533 3292 543 3320 c
555 3279 599 3320 347.
704 3281 772 3320 aaut.
871 3276 931 3317 cohl-
