2204 3684
142 235 198 295 170
271 247 280 260 ⁴
460 253 527 294 nuru
548 252 585 293 or
603 253 723 294 roseus.

180 392 307 452 Joodbus
326 393 472 468 respondit
498 393 559 470 regi
571 413 586 456 ι,
606 393 702 450 “Vixi
728 401 845 450 eentum
865 401 895 450 et
914 391 1041 469 triginta

141 491 241 545 annos,
262 491 316 578 nep
336 473 454 548 adeptus
481 491 544 528 sum
571 477 748 530 senectutem
774 473 889 529 beritum
916 474 1039 529 avorum

139 554 287 608 merirum:
297 552 396 606 ”tum
410 551 483 608 bene
495 556 630 626 precatus
644 569 705 626 regi
697 550 849 607 discessit
864 551 899 606 ab
914 569 961 608 eo.

178 629 321 703 Josephus
341 639 434 686 autem
453 639 563 718 patrem
583 639 612 686 et
632 629 732 686 fratres
752 648 820 686 suos
834 629 1016 686 'oollooivit
1009 649 1037 686 ιιι

138 708 246 796 optinri
265 717 345 782 perte
366 707 493 795 AEgypti,
508 707 606 782 eisque
626 707 755 764 omnium
774 725 869 765 rerum
877 708 1037 765 abundan-

137 785 207 842 tiam
221 784 420 860 suppeditavit.

166 961 213 1020 39.
234 936 323 1020 Jacob
337 915 459 1039 sequestr
473 970 502 1020 to
515 962 546 1020 be
559 962 684 1021 interred
694 963 725 1019 in
743 962 789 1020 tlte
807 961 893 1020 Tomi
907 962 951 1040 of·
961 963 1006 1024 Iris

519 1041 650 1100 Fatders.

177 1139 194 1196 J
197 1140 304 1197 acibus
317 1139 387 1197 vixit
407 1150 515 1215 septem
528 1150 557 1197 et
571 1139 671 1196 decem
690 1159 779 1206 annos
791 1149 942 1216 postquam
956 1160 1035 1198 com·

138 1217 287 1294 migrriret
304 1219 333 1274 in
348 1219 512 1294 AEgyptum.

177 1297 233 1353 Ubi
247 1296 335 1355 sensit
355 1308 476 1364 mortem
494 1296 569 1353 sibi'
563 1297 724 1368 imminere,
740 1299 876 1354 arcessito
891 1296 1032 1373 Josepho,

138 1363 256 1432 dinitz‘
261 1376 310 1433 ‘Si
331 1394 377 1432 me
399 1395 475 1432 emas
477 1375 561 1450 ‚jura
580 1385 609 1432 te
630 1375 659 1431 id
680 1374 822 1434 facturum
836 1394 898 1432 esse
901 1376 1032 1450 ,quoda

138 1462 167 1510 te
187 1457 303 1529 ρειιιιιι,ὁ
324 1454 436 1510 seilicet
457 1464 487 1510 ut
507 1473 544 1511 ne
565 1472 611 1510 me
631 1454 778 1543 sepelias
772 1473 801 1512 tn
823 1453 960 1530 AEgypto,
981 1455 1031 1511 sed

138 1550 241 1607 eorpus
261 1551 355 1589 meum
376 1533 536 1590 transferas
556 1551 592 1590 ex
610 1532 666 1589 hdo
686 1533 814 1608 regitino,
829 1541 858 1588 et
878 1533 1008 1590 condas
1002 1553 1029 1590 ιιι

137 1611 267 1684 sepulcro
281 1611 420 1686 majdrum
435 1612 592 1668 medrumss'

176 1687 320 1763 Josephus
341 1699 454 1747 autem:
482 1689 658 1762 “Faciem,’'
679 1687 812 1764 inquit,‘
815 1689 910 1763 ‘quod
936 1689 1028 1766 jubes,

136 1768 243 1841 patorss'

177 1845 277 1902 “Jura
295 1864 364 1923 ergo
385 1845 483 1918 mihi,”
501 1846 540 1904 eit
560 1845 697 1915 dantibus,
712 1851 769 1902 “te
789 1849 868 1904 oertd
890 1846 918 1904 id
939 1846 1029 1904 faetu-

136 1941 200 1980 rum
214 1926 303 1981 esse.''

175 2001 193 2056 J
195 2001 319 2076 osephus
330 2001 436 2077 jurdrit
450 2001 480 2058 in
494 2002 580 2058 verbe
591 2001 689 2077 patris.
733 2051 735 2054 .

212 2191 259 2250 40.
280 2191 382 2269 Josepli
390 2211 468 2270 pays
481 2193 525 2251 liis
540 2191 597 2252 last
611 2193 717 2254 Duties
731 2195 816 2253 toliis
830 2196 949 2254 Fother.

174 2329 213 2388 Ut
226 2329 296 2388 vidit
316 2329 460 2406 Iosephus
480 2296 636 2389 extinctuin
656 2301 847 2408 patrem,ruit
862 2353 1024 2411 supereum

137 2409 216 2480 flens,
232 2396 260 2467 et
273 2410 418 2466 osculatus
432 2420 475 2468 est
488 2429 564 2484 eum,
577 2411 705 2486 luxitque
719 2411 799 2468 illum
813 2412 871 2469 diu.

176 2488 289 2546 Deinde
309 2488 446 2564 prreeepit
472 2489 603 2548 medicis‘
625 2499 657 2546 ut
682 2491 834 2549 condirent
861 2510 973 2566 eorpus,
996 2500 1023 2548 et

138 2566 198 2642 ipse
219 2585 284 2624 oum
305 2567 437 2624 fratribus
451 2567 603 2643 multisque
617 2568 882 2645 AEgyptiispetrem
896 2570 1025 2645 deporte-

137 2645 178 2702 rit
191 2646 220 2701 in
235 2646 381 2722 regidnem
395 2645 541 2703 Chanaen.

176 2722 221 2779 Ibi
235 2723 320 2781 funus
333 2723 463 2782 fecerunt
475 2743 541 2782 eum
555 2743 659 2800 magno
672 2723 801 2798 planetu,
810 2737 839 2784 et
849 2725 1022 2800 sepelierunt

138 2815 241 2873 eorpus
255 2801 284 2858 in
296 2801 441 2876 speluncis,
453 2801 502 2858 ubi
513 2801 649 2877 jacebant
659 2802 841 2862 Abrnhtimus
855 2813 883 2861 et
896 2803 1022 2877 Isadour,

138 2881 298 2951 reversique
313 2880 422 2936 suntin
437 2881 600 2956 AEgyptum.
