2204 3684
134 257 191 317 152
354 269 797 316 exuamus—sumum.

461 421 695 474 seem-4720·

418 569 511 628 Latin
523 570 583 627 into
596 567 732 646 English.

170 701 238 760 Non
251 719 315 758 snm
328 701 369 758 ita
380 699 467 758 hebes
480 708 512 756 ut
525 699 599 756 istuo
612 699 715 757 dicam.
780 703 783 712 ’

170 780 382 857 Epaminondas
402 778 578 853 eloquentia
592 777 725 854 perfecit,
739 785 771 834 ut
785 775 905 854 auxilio*
927 774 1019 835 socio·

132 879 194 928 rum
207 858 418 917 Lacedaemonii
431 858 615 932 privarentur.

169 938 260 996 Pavor
274 948 343 1009 erat,
357 955 395 994 ne
409 945 502 993 oastra
514 935 603 992 hostis
618 935 827 1011 aggrederetur.

170 1016 279 1094 Adjr'rta
291 1034 346 1088 me,
361 1012 417 1091 quo
432 1015 461 1072 id
471 1014 520 1070 fiat
534 1012 653 1072 facilins.

169 1095 199 1152 N
202 1096 250 1154 ihit
265 1105 319 1166 est,
334 1093 403 1169 quin
417 1091 490 1150 rnalh
504 1092 644 1149 narrando
654 1091 744 1167 possit
757 1091 912 1167 depravari.

170 1173 282 1232 Avertit
295 1191 393 1247 equos,
406 1171 568 1249 priusquam
582 1170 686 1245 pabrila
699 1169 869 1247 gustassent‘
884 1169 992 1246 Trojae.

170 1251 266 1329 Negat
279 1251 403 1322 sessim,
418 1249 485 1307 erim
498 1259 593 1306 tamen
606 1249 681 1306 haud
696 1249 815 1325 ignoret.

170 1330 331 1402 Zenonem,
342 1328 430 1405 quuni
437 1327 561 1385 Athenis
571 1345 672 1398 essem,
682 1326 833 1384 audiebam
847 1325 1015 1401 frequenter.

171 1409 268 1467 Caesar
281 1410 439 1484 equititum
453 1424 567 1463 ornnem
576 1405 732 1481 praemittit,
746 1405 795 1480 qui
808 1405 932 1478 videant,
949 1424 1017 1481 quas

133 1487 163 1546 in
175 1499 269 1563 partes
280 1488 331 1544 iter
346 1486 459 1544 saciant.

171 1566 271 1638 Erant,
284 1566 386 1641 quibus
401 1562 575 1639 appetentior
589 1561 684 1619 famae⁶
698 1562 849 1624 rideretur.

171 1644 311 1701 Caninius
322 1643 374 1701 tuit
391 1641 472 1700 miris
473 1641 521 1698 tot
534 1638 701 1718 vigilantii‚'
715 1639 763 1715 qui
777 1658 828 1697 suo
842 1650 902 1698 toto
916 1659 1018 1698 oonsu-

133 1721 207 1782 latus
220 1741 350 1780 somnum
363 1741 421 1779 uon
434 1720 546 1778 viderit.

171 1801 267 1880 Negat
275 1800 335 1877 jus¹
345 1819 418 1873 esse,
427 1799 476 1876 qui
486 1797 568 1858 miles
575 1816 633 1855 non
643 1797 688 1869 sit,
698 1805 840 1875 pugnaret
850 1816 916 1856 oum
927 1798 1015 1856 hoste.

417 1987 545 2065 English
558 1989 617 2048 into
630 1987 730 2047 Latin.

133 2119 208 2177 How
231 2119 299 2176 does
323 2119 345 2176 it
364 2118 475 2195 happen
495 2117 556 2176 that
594 2119 715 2191 Qatnu,
727 2128 853 2177 utnemo
867 2129 1017 2178 contentus

171 2215 209 2254 no
223 2215 277 2255 one
296 2197 366 2255 lives
380 2197 554 2255 eontentedt
633 2198 718 2255 vivut

134 2275 181 2334 He
208 2277 374 2333 commands
393 2276 556 2333 Volusenus
594 2276 768 2335 Volusenus¹
795 2275 900 2333 mando
922 2287 956 2334 ut
983 2277 1017 2335 ad

171 2365 202 2413 to
214 2365 311 2413 return
324 2365 354 2412 to
368 2355 434 2412 him.
511 2352 516 2363 '
634 2355 677 2411 sui
697 2365 829 2412 revertor.
968 2368 970 2372 '

133 2433 218 2492 Take
232 2452 297 2492 oure
309 2434 370 2491 that
385 2433 507 2510 nothing
519 2434 555 2491 be
594 2432 673 2490 Curo
687 2435 797 2509 nequis
811 2434 835 2489 is
850 2432 958 2491 desum

171 2513 296 2591 wanting
308 2522 338 2570 to
352 2512 419 2571 him.

133 2590 221 2650 What
241 2591 278 2649 do
298 2610 353 2667 you
372 2590 442 2647 wish
459 2590 520 2648 that
539 2589 554 2646 I
593 2588 670 2652 Quis
680 2589 744 2648 volo
758 2591 873 2649 faoioi'

159 2669 273 2727 ‘should
288 2669 344 2727 dot

134 2745 222 2822 Many
235 2749 331 2825 things
346 2767 392 2806 are
405 2747 440 2804 of
454 2745 555 2804 sneha
593 2744 702 2803 Multus
720 2765 765 2804 res
784 2767 846 2806 sum
866 2749 1017 2823 ejusmadi,

144 2836 147 2844 ’
173 2825 243 2882 kind
266 2827 326 2884 that
352 2846 391 2884 no
422 2845 477 2884 one
500 2844 554 2883 ean
632 2826 680 2901 qui
704 2828 794 2883 exitus
817 2843 900 2884 nemo
923 2828 1018 2898 provi·

173 2901 281 2961 foresee
293 2904 366 2961 their
377 2905 460 2962 issue.
633 2905 688 2960 deo
700 2923 822 2979 possum.

133 2977 164 3038 Is
189 2980 268 3038 there
292 3001 345 3055 any
363 3001 418 3040 one
444 2983 507 3040 who
530 2980 555 3039 is
594 2980 643 3038 An
682 3001 743 3038 sum
773 2983 931 3056 quisquam,
966 2982 1016 3057 qui

173 3057 304 3134 ignorant
317 3058 352 3114 os
358 3060 435 3117 thist
632 3058 689 3116 hio!
705 3060 828 3134 ignoro?

377 3226 410 3313 ιη
476 3229 550 3326 Jhih
619 3227 691 3320 (4³33.
708 3273 847 3331 sappum.
897 3231 965 3335 J&
