2204 3684
330 251 728 310 nunciata-unanime.
914 247 970 316 lot

458 412 514 465 see
533 415 614 466 aco..
642 371 645 377 ¹

367 561 680 642 ιαιιηεηιιιιιςιιιι.
719 523 721 528 ’

122 690 234 751 Lithros
247 701 375 767 expecto,
390 711 460 767 quau
472 692 618 768 scripsisti

120 770 151 828 Is
165 775 273 830 amicus
284 781 335 841 est,
350 771 398 847 qui
408 771 488 846 juvat
501 772 530 828 in
544 773 629 828 rebus
643 769 774 828 adversis.

120 850 216 906 Tutus
230 849 277 907 ille
291 851 351 906 non*
362 861 414 922 est,
429 868 513 924 quem
527 867 627 906 omnes
640 849 771 906 oderunt.
889 871 892 878 ¹

120 927 254 1004 Ingratus
268 938 310 985 est
323 925 418 1000 hoino,
433 928 481 1002 qui
495 946 553 984 non
567 927 738 998 heneficium
747 926 852 985 ¹reddit.

120 1006 217 1064 Solem
231 1025 248 1064 e
260 1008 367 1064 mundo
388 1006 500 1076 tollunt,
515 1005 565 1079 qui
585 1005 738 1062 amicitiam
755 1024 772 1063 e
785 1005 843 1063 vitt
855 1005 969 1065 tollunt

85 1083 88 1094 ¹
119 1084 280 1161 Pompeius,
293 1104 361 1174 qun
334 1085 495 1142 aGaeshre
506 1085 597 1142 victus
608 1094 650 1141 est
652 1083 743 1161 ‚fugit
757 1085 792 1142 ad
803 1083 966 1160 AEgyptutn.

120 1163 199 1221 Civis
210 1174 253 1220 est
266 1165 299 1234 ᾖε,
315 1163 363 1238 qui
376 1161 497 1238 patriam
511 1181 590 1220 suam
605 1129 705 1239 diligit.

119 1241 228 1298 Omnes
242 1261 334 1298 causae
338 1261 430 1316 ‚quas
444 1243 649 1298 commemoras
651 1240 833 1316 ‚justissimae
846 1256 920 1300 sunt.

118 1319 241 1378 Flumen
255 1330 298 1378 est
312 1286 395 1390 Ain,
411 1319 508 1394 quod
501 1339 530 1376 tn
545 1286 721 1376 Rhodahum
736 1319 837 1376 influit.

118 1398 203 1470 Urba,
218 1417 302 1473 quam
315 1365 459 1456 Roniulus
474 1398 612 1468 condidit,
626 1387 780 1454 vocabitur
794 1397 898 1456 Roma.

119 1477 183 1535 Scit
197 1478 229 1548 is,
245 1478 292 1552 qui
307 1486 349 1533 est
362 1477 391 1533 in
405 1477 540 1547 concilio,
555 1477 588 1532 C.
604 1476 768 1534 Marcellus.

9 1625 10 1628 Ἴ
118 1556 260 1613 Conshles
281 1555 316 1612 ad
336 1573 402 1636 euni
415 1557 580 1627 exercitum,
595 1573 679 1630 quem
699 1555 730 1612 ᾖιι
743 1553 851 1630 Apulia
871 1553 967 1628 habui,

79 1639 227 1694 venerunt.
368 1673 378 1684 .
475 1683 477 1692 .
719 1663 720 1670 .

364 1823 492 1923 English
508 1824 568 1882 into
581 1789 682 1882 Latin.

80 1952 156 2011 He'
150 1973 174 2010 ιε
199 1953 290 2027 happy
318 1952 411 2009 whom
437 1953 502 2010 God
543 1952 625 2011 Felix
645 1971 717 2024 sum,
739 1951 787 2026 qui
805 1951 886 2010 Deus
904 1951 968 2008 dili·

78 2031 295 2168 Tliddhsurden
289 2128 312 2166 ιε
324 2108 396 2184 light
408 2103 503 2166 which
541 2050 626 2166 Leiis
652 2109 700 2181 lio,
728 2107 777 2184 qui
800 2108 874 2167 bend
895 2109 966 2184 fero,

120 2189 144 2244 ᾖε
158 2186 220 2244 well
234 2188 330 2244 borne.
581 2205 662 2244 οιιιιε.

81 2266 188 2324 Where
198 2283 244 2322 are
254 2265 335 2322 those
343 2264 438 2321 whom
448 2281 504 2339 you
543 2264 599 2323 Ubi
620 2284 683 2322 sum
702 2265 727 2322 is
729 2266 801 2340 ,qui
820 2266 905 2324 micet
925 2267 967 2324 di·

121 2345 174 2401 oall
188 2343 383 2400 miserablel
583 2345 637 2399 col

80 2423 158 2498 Why
185 2420 264 2478 aml
291 2419 448 2495 compelled
473 2430 503 2478 to
543 2420 602 2478 Cur
616 2427 732 2478 sentitus
746 2439 829 2498 cogo,
844 2421 892 2496 qui
907 2422 967 2482 lau·

121 2517 240 2558 censure
256 2499 304 2556 the
324 2508 430 2569 senate,
444 2498 504 2555 that
581 2499 618 2556 dc
636 2518 756 2575 semper,
770 2499 965 2575 reprehendol

119 2579 135 2636 Ι
149 2579 220 2702 hqave
232 2577 333 2653 always
343 2577 504 2634 commend·

82 2658 173 2795 Heeis
181 2736 267 2794 brave
286 2733 349 2792 who
362 2751 503 2809 conquers
542 2734 636 2793 Fortis
650 2752 723 2827 sum,
740 2733 788 2810 qui
802 2735 846 2804 ειιῇ
859 2734 951 2794 vinco.

81 2813 335 2952 Tfflglellrfwmoh
343 2891 394 2949 has
403 2891 504 2967 passed
543 2891 633 2963 Hora,
659 2890 708 2967 qui
733 2901 879 2967 praetereo,
906 2887 964 2951 non

120 2980 225 3030 cannot
237 2981 342 3030 return.
580 2938 666 3028 redeo
679 2989 802 3046 possum.

81 3050 162 3108 Iam
178 3049 332 3122 Miltiades,
352 3049 416 3106 who
436 3067 502 3108 con·
541 3048 608 3126 Ego
638 3067 701 3107 sum
732 3048 888 3125 Miltitdes,
915 3049 964 3127 qui

121 3127 226 3205 quercd
236 3129 286 3188 the
298 3128 437 3192 Porsinna.
572 3127 671 3190 luna
685 3129 776 3189 vinco.
